
@article{t_sas-rolfes_illegal_2019,
	title = {Illegal {Wildlife} {Trade}: {Scale}, {Processes}, and {Governance}},
	volume = {44},
	issn = {1543-5938, 1545-2050},
	shorttitle = {Illegal {Wildlife} {Trade}},
	url = {https://www.annualreviews.org/doi/10.1146/annurev-environ-101718-033253},
	doi = {10.1146/annurev-environ-101718-033253},
	language = {en},
	number = {1},
	urldate = {2024-07-25},
	journal = {Annual Review of Environment and Resources},
	author = {‘T Sas-Rolfes, Michael and Challender, Daniel W.S. and Hinsley, Amy and Veríssimo, Diogo and Milner-Gulland, E.J.},
	month = oct,
	year = {2019},
	pages = {201--228},
}

@article{bell_animal_2004,
	title = {Animal origins of {SARS} coronavirus: possible links with the international trade in small carnivores.},
	volume = {359},
	issn = {0962-8436},
	shorttitle = {Animal origins of {SARS} coronavirus},
	url = {https://www.ncbi.nlm.nih.gov/pmc/articles/PMC1693393/},
	doi = {10.1098/rstb.2004.1492},
	number = {1447},
	urldate = {2024-07-25},
	journal = {Philosophical Transactions of the Royal Society B: Biological Sciences},
	author = {Bell, Diana and Roberton, Scott and Hunter, Paul R},
	month = jul,
	year = {2004},
	pmid = {15306396},
	pmcid = {PMC1693393},
	pages = {1107--1114},
	file = {PubMed Central Full Text PDF:C\:\\Users\\jean\\Zotero\\storage\\6J53TS5D\\Bell et al. - 2004 - Animal origins of SARS coronavirus possible links.pdf:application/pdf},
}

@article{baker_rough_2013,
	title = {Rough {Trade}: {Animal} {Welfare} in the {Global} {Wildlife} {Trade}},
	volume = {63},
	issn = {0006-3568},
	shorttitle = {Rough {Trade}},
	url = {https://doi.org/10.1525/bio.2013.63.12.6},
	doi = {10.1525/bio.2013.63.12.6},
	number = {12},
	urldate = {2024-07-25},
	journal = {BioScience},
	author = {Baker, Sandra E. and Cain, Russ and van Kesteren, Freya and Zommers, Zinta A. and D'Cruze, Neil and Macdonald, David W.},
	month = dec,
	year = {2013},
	pages = {928--938},
	file = {Full Text PDF:C\:\\Users\\jean\\Zotero\\storage\\28FXLZ4A\\Baker et al. - 2013 - Rough Trade Animal Welfare in the Global Wildlife.pdf:application/pdf},
}

@article{challender_poaching_2014,
	title = {Poaching is more than an {Enforcement} {Problem}},
	volume = {7},
	copyright = {©2014 Wiley Periodicals, Inc.},
	issn = {1755-263X},
	url = {https://onlinelibrary.wiley.com/doi/abs/10.1111/conl.12082},
	doi = {10.1111/conl.12082},
	language = {en},
	number = {5},
	urldate = {2024-07-25},
	journal = {Conservation Letters},
	author = {Challender, Daniel W. S. and MacMillan, Douglas C.},
	year = {2014},
	note = {\_eprint: https://onlinelibrary.wiley.com/doi/pdf/10.1111/conl.12082},
	keywords = {CITES, community conservation, demand reduction, enforcement, high-value wildlife, regulation, wildlife trade},
	pages = {484--494},
	file = {Full Text PDF:C\:\\Users\\jean\\Zotero\\storage\\L2BHWECV\\Challender et MacMillan - 2014 - Poaching is more than an Enforcement Problem.pdf:application/pdf;Snapshot:C\:\\Users\\jean\\Zotero\\storage\\FVJ7G42B\\conl.html:text/html},
}

@article{challender_towards_2015,
	title = {Towards informed and multi-faceted wildlife trade interventions},
	volume = {3},
	issn = {2351-9894},
	url = {https://www.sciencedirect.com/science/article/pii/S2351989414000791},
	doi = {10.1016/j.gecco.2014.11.010},
	urldate = {2024-07-25},
	journal = {Global Ecology and Conservation},
	author = {Challender, Daniel W. S. and Harrop, Stuart R. and MacMillan, Douglas C.},
	month = jan,
	year = {2015},
	keywords = {CITES, Community conservation, Compliance, Economics, Regulation, Wildlife trade},
	pages = {129--148},
	file = {ScienceDirect Snapshot:C\:\\Users\\jean\\Zotero\\storage\\UAUKN3VL\\S2351989414000791.html:text/html;Texte intégral:C\:\\Users\\jean\\Zotero\\storage\\CRA9XUAI\\Challender et al. - 2015 - Towards informed and multi-faceted wildlife trade .pdf:application/pdf},
}

@article{gentry_looking_2019,
	title = {Looking to aquatic species for conservation farming success},
	volume = {12},
	copyright = {© 2019 The Authors. Conservation Letters published by Wiley Periodicals, Inc.},
	issn = {1755-263X},
	url = {https://onlinelibrary.wiley.com/doi/abs/10.1111/conl.12681},
	doi = {10.1111/conl.12681},
	language = {en},
	number = {6},
	urldate = {2024-07-25},
	journal = {Conservation Letters},
	author = {Gentry, Rebecca R. and Gaines, Steven D. and Gabe, Jeremy S. and Lester, Sarah E.},
	year = {2019},
	note = {\_eprint: https://onlinelibrary.wiley.com/doi/pdf/10.1111/conl.12681},
	keywords = {aquaculture, conservation farming, endangered species, hunting, species conservation, wildlife trade},
	pages = {e12681},
	file = {Full Text PDF:C\:\\Users\\jean\\Zotero\\storage\\BFJFAU2I\\Gentry et al. - 2019 - Looking to aquatic species for conservation farmin.pdf:application/pdf;Snapshot:C\:\\Users\\jean\\Zotero\\storage\\XM8NBLBY\\conl.html:text/html},
}

@article{phelps_framework_2014,
	title = {A {Framework} for {Assessing} {Supply}-{Side} {Wildlife} {Conservation}},
	volume = {28},
	copyright = {© 2013 Society for Conservation Biology},
	issn = {1523-1739},
	url = {https://onlinelibrary.wiley.com/doi/abs/10.1111/cobi.12160},
	doi = {10.1111/cobi.12160},
	language = {pt},
	number = {1},
	urldate = {2024-07-25},
	journal = {Conservation Biology},
	author = {Phelps, J. and Carrasco, L. R. and Webb, E. L.},
	year = {2014},
	note = {\_eprint: https://onlinelibrary.wiley.com/doi/pdf/10.1111/cobi.12160},
	keywords = {CITES, comercio, cosecha, cultivation, cultivo, domesticación, domestication, harvest, nontimber forest products, NTFP, orchid, orquídea, productos forestales no maderables, trade, wildlife farming, zoocría},
	pages = {244--257},
	file = {Snapshot:C\:\\Users\\jean\\Zotero\\storage\\JU3ZEK2M\\cobi.html:text/html},
}

@article{tensen_under_2016,
	title = {Under what circumstances can wildlife farming benefit species conservation?},
	volume = {6},
	issn = {2351-9894},
	url = {https://www.sciencedirect.com/science/article/pii/S2351989415300421},
	doi = {10.1016/j.gecco.2016.03.007},
	urldate = {2024-07-25},
	journal = {Global Ecology and Conservation},
	author = {Tensen, Laura},
	month = apr,
	year = {2016},
	keywords = {Bear bile, Commercial breeding, Pet trade, Rhino horn, Species conservation, Tiger bone, Wildlife farming, Wildlife trade},
	pages = {286--298},
	file = {ScienceDirect Snapshot:C\:\\Users\\jean\\Zotero\\storage\\6M2MYZTX\\S2351989415300421.html:text/html},
}

@techreport{iucn_world_200,
	title = {The {World} {Conservation} {Union} on the {Effectiveness} of {Trade} {Measures} {Contained} in the {Convention} on {International} {Trade} in {Endangered} {Species} of {Wild} {Fauna} and {Flora} ({CITES})},
	institution = {Environmental Investigation Agency},
	author = {IUCN},
	year = {200},
}

@article{sahley_biological_2007,
	title = {Biological sustainability of live shearing of vicuña in {Peru}},
	volume = {21},
	issn = {0888-8892},
	doi = {10.1111/j.1523-1739.2006.00558.x},
	language = {eng},
	number = {1},
	journal = {Conservation Biology: The Journal of the Society for Conservation Biology},
	author = {Sahley, Catherine Teresa and Vargas, Jorge Torres and Valdivia, Jesus Sanchez},
	month = feb,
	year = {2007},
	pmid = {17298515},
	keywords = {Agriculture, Animals, Camelids, New World, Conservation of Natural Resources, Female, Fertility, Peru, Population Dynamics, Wool},
	pages = {98--105},
}

@article{lyons_wildlife_2011,
	title = {Wildlife laundering through breeding farms: {Illegal} harvest, population declines and a means of regulating the trade of green pythons (\textit{{Morelia} viridis}) from {Indonesia}},
	volume = {144},
	issn = {0006-3207},
	shorttitle = {Wildlife laundering through breeding farms},
	url = {https://www.sciencedirect.com/science/article/pii/S0006320711003685},
	doi = {10.1016/j.biocon.2011.10.002},
	number = {12},
	urldate = {2024-07-25},
	journal = {Biological Conservation},
	author = {Lyons, Jessica A. and Natusch, Daniel J. D.},
	month = dec,
	year = {2011},
	keywords = {Eggshell method, Green python, Illegal, Indonesia, Laundering, Pet trade, Population decline, Wildlife farming},
	pages = {3073--3081},
	file = {ScienceDirect Snapshot:C\:\\Users\\jean\\Zotero\\storage\\YPQFHFXS\\S0006320711003685.html:text/html},
}

@misc{hsiang_does_2016,
	type = {Working {Paper}},
	series = {Working {Paper} {Series}},
	title = {Does {Legalization} {Reduce} {Black} {Market} {Activity}? {Evidence} from a {Global} {Ivory} {Experiment} and {Elephant} {Poaching} {Data}},
	shorttitle = {Does {Legalization} {Reduce} {Black} {Market} {Activity}?},
	url = {https://www.nber.org/papers/w22314},
	doi = {10.3386/w22314},
	urldate = {2024-07-25},
	publisher = {National Bureau of Economic Research},
	author = {Hsiang, Solomon and Sekar, Nitin},
	month = jun,
	year = {2016},
	doi = {10.3386/w22314},
	file = {Full Text PDF:C\:\\Users\\jean\\Zotero\\storage\\3F3HW3L8\\Hsiang et Sekar - 2016 - Does Legalization Reduce Black Market Activity Ev.pdf:application/pdf},
}

@article{challender_understanding_2015,
	title = {Understanding markets to conserve trade-threatened species in {CITES}},
	volume = {187},
	issn = {0006-3207},
	url = {https://www.sciencedirect.com/science/article/pii/S0006320715001603},
	doi = {10.1016/j.biocon.2015.04.015},
	urldate = {2024-07-25},
	journal = {Biological Conservation},
	author = {Challender, Daniel W. S. and Harrop, Stuart R. and MacMillan, Douglas C.},
	month = jul,
	year = {2015},
	keywords = {CITES, Demand, Economics, Markets, Pangolin, Special reporting requirements, Wildlife trade},
	pages = {249--259},
	file = {ScienceDirect Snapshot:C\:\\Users\\jean\\Zotero\\storage\\K8C2XJSF\\S0006320715001603.html:text/html;Version acceptée:C\:\\Users\\jean\\Zotero\\storage\\BRI9SR3M\\Challender et al. - 2015 - Understanding markets to conserve trade-threatened.pdf:application/pdf},
}

@article{lawson_low_2017,
	title = {Low {Bycatch} {Rates} {Add} {Up} to {Big} {Numbers} for a {Genus} of {Small} {Fishes}},
	volume = {42},
	issn = {0363-2415},
	url = {https://doi.org/10.1080/03632415.2017.1259944},
	doi = {10.1080/03632415.2017.1259944},
	number = {1},
	urldate = {2024-07-25},
	journal = {Fisheries},
	author = {Lawson, Julia M. and Foster, Sarah J. and Vincent, Amanda C. J.},
	month = jan,
	year = {2017},
	note = {Publisher: Taylor \& Francis
\_eprint: https://doi.org/10.1080/03632415.2017.1259944},
	pages = {19--33},
}

@article{dutton_stated_2011,
	title = {A {Stated} {Preference} {Investigation} into the {Chinese} {Demand} for {Farmed} vs. {Wild} {Bear} {Bile}},
	volume = {6},
	issn = {1932-6203},
	url = {https://journals.plos.org/plosone/article?id=10.1371/journal.pone.0021243},
	doi = {10.1371/journal.pone.0021243},
	language = {en},
	number = {7},
	urldate = {2024-07-25},
	journal = {PLOS ONE},
	author = {Dutton, Adam J. and Hepburn, Cameron and Macdonald, David W.},
	month = jul,
	year = {2011},
	note = {Publisher: Public Library of Science},
	keywords = {Agricultural production, Agriculture, Bears, Bile, Decision making, Gallbladder, Traditional Chinese medicine, Wildlife},
	pages = {e21243},
	file = {Full Text PDF:C\:\\Users\\jean\\Zotero\\storage\\U9VZUK9S\\Dutton et al. - 2011 - A Stated Preference Investigation into the Chinese.pdf:application/pdf},
}

@article{gratwicke_attitudes_2008,
	title = {Attitudes {Toward} {Consumption} and {Conservation} of {Tigers} in {China}},
	volume = {3},
	issn = {1932-6203},
	url = {https://journals.plos.org/plosone/article?id=10.1371/journal.pone.0002544},
	doi = {10.1371/journal.pone.0002544},
	language = {en},
	number = {7},
	urldate = {2024-07-25},
	journal = {PLOS ONE},
	author = {Gratwicke, Brian and Mills, Judy and Dutton, Adam and Gabriel, Grace and Long, Barney and Seidensticker, John and Wright, Belinda and You, Wang and Zhang, Li},
	month = jul,
	year = {2008},
	note = {Publisher: Public Library of Science},
	keywords = {China, Chinese people, Cities, Educational attainment, Psychological attitudes, Tigers, Traditional Chinese medicine, Wine},
	pages = {e2544},
	file = {Full Text PDF:C\:\\Users\\jean\\Zotero\\storage\\HLQN66UB\\Gratwicke et al. - 2008 - Attitudes Toward Consumption and Conservation of T.pdf:application/pdf},
}

@article{fabinyi_historical_2012,
	title = {Historical, cultural and social perspectives on luxury seafood consumption in {China}},
	volume = {39},
	issn = {1469-4387, 0376-8929},
	url = {https://www.cambridge.org/core/journals/environmental-conservation/article/abs/historical-cultural-and-social-perspectives-on-luxury-seafood-consumption-in-china/742483C9475BD76E5A17BCC2651F1BC3},
	doi = {10.1017/S0376892911000609},
	language = {en},
	number = {1},
	urldate = {2024-07-25},
	journal = {Environmental Conservation},
	author = {Fabinyi, Michael},
	month = mar,
	year = {2012},
	keywords = {anthropology, bêche-de-mer, China, live reef food fish, seafood consumption, shark fin},
	pages = {83--92},
	file = {Version acceptée:C\:\\Users\\jean\\Zotero\\storage\\KX32KSYT\\Fabinyi - 2012 - Historical, cultural and social perspectives on lu.pdf:application/pdf},
}

@article{bulte_economic_2005,
	title = {An {Economic} {Assessment} of {Wildlife} {Farming} and {Conservation}},
	volume = {19},
	issn = {0888-8892},
	url = {https://www.jstor.org/stable/3591307},
	number = {4},
	urldate = {2024-07-25},
	journal = {Conservation Biology},
	author = {Bulte, Erwin H. and Damania, Richard},
	year = {2005},
	note = {Publisher: [Wiley, Society for Conservation Biology]},
	pages = {1222--1233},
	file = {JSTOR Full Text PDF:C\:\\Users\\jean\\Zotero\\storage\\XHNFE83J\\Bulte et Damania - 2005 - An Economic Assessment of Wildlife Farming and Con.pdf:application/pdf},
}

@article{damania_economics_2007,
	title = {The economics of wildlife farming and endangered species conservation},
	volume = {62},
	issn = {0921-8009},
	url = {https://www.sciencedirect.com/science/article/pii/S0921800906003417},
	doi = {10.1016/j.ecolecon.2006.07.007},
	number = {3},
	urldate = {2024-07-25},
	journal = {Ecological Economics},
	author = {Damania, Richard and Bulte, Erwin H.},
	month = may,
	year = {2007},
	keywords = {Bear farms, Laundering, Poaching, Preservation, Price competition, Quantity competition, Smuggling, Storage, Tiger farms, Trade ban},
	pages = {461--472},
}

@article{biggs_legal_2013,
	title = {Legal {Trade} of {Africa}'s {Rhino} {Horns}},
	volume = {339},
	url = {https://www.science.org/doi/10.1126/science.1229998},
	doi = {10.1126/science.1229998},
	number = {6123},
	urldate = {2024-07-25},
	journal = {Science},
	author = {Biggs, Duan and Courchamp, Franck and Martin, Rowan and Possingham, Hugh P.},
	month = mar,
	year = {2013},
	note = {Publisher: American Association for the Advancement of Science},
	pages = {1038--1039},
}

@techreport{environmental_investigation_agency_citess_2019,
	title = {{CITES}'s {Last} {Chance} : {Stop} the illegal totoaba trade to save the vaquita - {Briefing} to the 18th {Conference} of the {Parties} to {CITES} and the 71st {Standing} {Commitee}},
	institution = {Environmental Investigation Agency},
	editor = {Environmental Investigation Agency},
	year = {2019},
}

@techreport{environmental_investigation_agency_collateral_2016,
	title = {Collateral {Damage} : {How} illegal trade in totoaba swim bladders is driving the vaquita to extinction},
	institution = {Environmental Investigation Agency},
	editor = {Environmental Investigation Agency},
	year = {2016},
}

@techreport{c4ads_hooked_2017,
	title = {Hooked : {How} {Demand} for a {Protected} {Fish} {Lined} the {Pockets} of {Mexican} {Cartels} \& {Sunk} the {Future} of an {Endangered} {Porpoise} {Species}},
	institution = {C4ADS},
	author = {C4ADS},
	year = {2017},
}

@article{froehlich_conservation_2017,
	title = {Conservation aquaculture: {Shifting} the narrative and paradigm of aquaculture's role in resource management},
	volume = {215},
	issn = {0006-3207},
	shorttitle = {Conservation aquaculture},
	url = {https://www.sciencedirect.com/science/article/pii/S0006320717307565},
	doi = {10.1016/j.biocon.2017.09.012},
	urldate = {2024-07-25},
	journal = {Biological Conservation},
	author = {Froehlich, Halley E. and Gentry, Rebecca R. and Halpern, Benjamin S.},
	month = nov,
	year = {2017},
	keywords = {Aquaculture, Conservation, Ecosystem services, Recovery, Restoration},
	pages = {162--168},
}

@article{singh_price_1984,
	title = {Price and {Quantity} {Competition} in a {Differentiated} {Duopoly}},
	volume = {15},
	issn = {0741-6261},
	url = {https://www.jstor.org/stable/2555525},
	doi = {10.2307/2555525},
	number = {4},
	urldate = {2024-07-25},
	journal = {The RAND Journal of Economics},
	author = {Singh, Nirvikar and Vives, Xavier},
	year = {1984},
	note = {Publisher: [RAND Corporation, Wiley]},
	pages = {546--554},
	file = {JSTOR Full Text PDF:C\:\\Users\\jean\\Zotero\\storage\\N3CF5KYB\\Singh et Vives - 1984 - Price and Quantity Competition in a Differentiated.pdf:application/pdf},
}

@article{abbott_can_2011,
	title = {Can domestication of wildlife lead to conservation? {The} economics of tiger farming in {China}},
	volume = {70},
	issn = {0921-8009},
	shorttitle = {Can domestication of wildlife lead to conservation?},
	url = {https://www.sciencedirect.com/science/article/pii/S0921800910004593},
	doi = {10.1016/j.ecolecon.2010.11.006},
	number = {4},
	urldate = {2024-07-25},
	journal = {Ecological Economics},
	author = {Abbott, Brant and van Kooten, G. Cornelis},
	month = feb,
	year = {2011},
	keywords = {Bioeconomics, Endangered species, Extirpation, Wildlife farming},
	pages = {721--728},
	file = {ScienceDirect Snapshot:C\:\\Users\\jean\\Zotero\\storage\\8D2FMG6H\\S0921800910004593.html:text/html;Texte intégral:C\:\\Users\\jean\\Zotero\\storage\\F49TSNWZ\\Abbott et van Kooten - 2011 - Can domestication of wildlife lead to conservation.pdf:application/pdf},
}

@article{sadovy_de_mitcheson_emerging_2019,
	title = {Emerging from the murk: threats, challenges and opportunities for the global swim bladder trade},
	volume = {29},
	issn = {1573-5184},
	shorttitle = {Emerging from the murk},
	url = {https://doi.org/10.1007/s11160-019-09585-9},
	doi = {10.1007/s11160-019-09585-9},
	language = {en},
	number = {4},
	urldate = {2024-07-25},
	journal = {Reviews in Fish Biology and Fisheries},
	author = {Sadovy de Mitcheson, Yvonne and To, Allen Wai-lun and Wong, Nga Wing and Kwan, Hiu Yin and Bud, Wing Sum},
	month = dec,
	year = {2019},
	keywords = {China, Conservation, Luxury seafood, Maw},
	pages = {809--835},
	file = {Full Text PDF:C\:\\Users\\jean\\Zotero\\storage\\YVW25YJ2\\Sadovy de Mitcheson et al. - 2019 - Emerging from the murk threats, challenges and op.pdf:application/pdf},
}

@article{martinez_mexican_2021,
	title = {Mexican organized crime and the illegal trade in totoaba maw},
	volume = {24},
	issn = {1936-4830},
	url = {https://doi.org/10.1007/s12117-021-09436-9},
	doi = {10.1007/s12117-021-09436-9},
	language = {en},
	number = {4},
	urldate = {2024-07-25},
	journal = {Trends in Organized Crime},
	author = {Martínez, Israel Alvarado and Alonso, Aitor Ibáñez},
	month = dec,
	year = {2021},
	keywords = {Crime convergence, Drug trafficking, Environmental law enforcement, Illegal fish and wildlife trade, Organized crime},
	pages = {526--546},
	file = {Full Text PDF:C\:\\Users\\jean\\Zotero\\storage\\QMCQ5JGL\\Martínez et Alonso - 2021 - Mexican organized crime and the illegal trade in t.pdf:application/pdf},
}

@article{felbab_brown_organized_2022,
	title = {Organized {Crime} is {Taking} {Over} {Mexican} {Fisheries}},
	journal = {Brookings Institute},
	author = {Felbab Brown, Vanda},
	year = {2022},
}

@article{rojas-bracho_more_2022,
	title = {More vaquita porpoises survive than expected},
	issn = {1863-5407},
	url = {https://research-repository.st-andrews.ac.uk/handle/10023/25767},
	doi = {10.3354/esr01197},
	language = {eng},
	urldate = {2024-07-25},
	author = {Rojas-Bracho, Lorenzo and Taylor, Barbara and Booth, Cormac Graham and Thomas, Len and Jaramillo-Legorreta, Armando and Nieto-García, Edwyna and Cárdenas Hinojosa, Gustavo and Barlow, Jay and Mesnick, Sarah L. and Gerrodette, Tom and Olson, Paula and Henry, Annette and Rizo, Henoch and Hidalgo-Pla, Eva and Bonilla-Garzón, Andrea},
	month = jul,
	year = {2022},
	note = {Accepted: 2022-08-03T11:30:03Z},
	file = {Full Text PDF:C\:\\Users\\jean\\Zotero\\storage\\IBZQSPUJ\\Rojas-Bracho et al. - 2022 - More vaquita porpoises survive than expected.pdf:application/pdf},
}

@article{rojas-bracho_vaquitas_2013,
	title = {Vaquitas and gillnets: {Mexico}’s ultimate cetacean conservation challenge},
	volume = {21},
	issn = {1863-5407, 1613-4796},
	shorttitle = {Vaquitas and gillnets},
	url = {https://www.int-res.com/abstracts/esr/v21/n1/p77-87/},
	doi = {10.3354/esr00501},
	language = {en},
	number = {1},
	urldate = {2024-07-25},
	journal = {Endangered Species Research},
	author = {Rojas-Bracho, Lorenzo and Reeves, Randall R.},
	month = jul,
	year = {2013},
	keywords = {Artisanal fisheries, Bycatch, Gulf of California, Phocoena sinus},
	pages = {77--87},
	file = {Full Text PDF:C\:\\Users\\jean\\Zotero\\storage\\E4QPBPST\\Rojas-Bracho et Reeves - 2013 - Vaquitas and gillnets Mexico’s ultimate cetacean .pdf:application/pdf},
}

@article{wyatt_differentiating_2020,
	title = {Differentiating criminal networks in the illegal wildlife trade: organized, corporate and disorganized crime},
	volume = {23},
	issn = {1936-4830},
	shorttitle = {Differentiating criminal networks in the illegal wildlife trade},
	url = {https://doi.org/10.1007/s12117-020-09385-9},
	doi = {10.1007/s12117-020-09385-9},
	language = {en},
	number = {4},
	urldate = {2024-07-25},
	journal = {Trends in Organized Crime},
	author = {Wyatt, Tanya and van Uhm, Daan and Nurse, Angus},
	month = dec,
	year = {2020},
	keywords = {Corporate crime, Green criminology, Illegal wildlife trade, Organised crime, Wildlife trafficking},
	pages = {350--366},
	file = {Full Text PDF:C\:\\Users\\jean\\Zotero\\storage\\S2NX82KA\\Wyatt et al. - 2020 - Differentiating criminal networks in the illegal w.pdf:application/pdf},
}

@incollection{martinez-alvarado_trafficking_2018,
	edition = {Palgrave Macmillan},
	title = {Trafficking of {Totoaba} {Maw}},
	booktitle = {Green crime in {Mexico} : a collection of case studies},
	author = {Martinez-Alvarado, Israel and Martinez, E.R},
	collaborator = {Arroyo-Quiroz, I and Wyatt, T},
	year = {2018},
}

@misc{cites_notification_2023,
	title = {Notification to the {Parties} : compliance action plan of {Mexico} on {Totoaba} ({Totoaba} {Macdonaldi})},
	author = {CITES},
	year = {2023},
}

@techreport{elephant_action_league_operation_2018,
	title = {Operation {Fake} {Gold} : the {Totoaba} {Supply} {Chain} - {From} {Mexico}'s {Totoaba} {Cartels} to {China}'s {Totoaba} {Maw} {Wholesalres} - {An} illegal {Trade} {Killing} the {Vaquita}},
	institution = {Elephant Action League},
	author = {Elephant Action League},
	year = {2018},
}

@article{pereau_triple_2012,
	title = {The triple bottom line: {Meeting} ecological, economic and social goals with individual transferable quotas},
	volume = {63},
	issn = {0095-0696},
	shorttitle = {The triple bottom line},
	url = {https://www.sciencedirect.com/science/article/pii/S0095069612000022},
	doi = {10.1016/j.jeem.2012.01.001},
	number = {3},
	urldate = {2024-07-25},
	journal = {Journal of Environmental Economics and Management},
	author = {Péreau, J. -C. and Doyen, L. and Little, L. R. and Thébaud, O.},
	month = may,
	year = {2012},
	keywords = {Feasibility set, Individual and transferable quotas, Maximin, Renewable resource, Sustainability, Total allowable catch},
	pages = {419--434},
	file = {Version soumise:C\:\\Users\\jean\\Zotero\\storage\\9QA8BQBP\\Péreau et al. - 2012 - The triple bottom line Meeting ecological, econom.pdf:application/pdf},
}

@book{clark_worldwide_2007,
	address = {Cambridge},
	title = {The {Worldwide} {Crisis} in {Fisheries}: {Economic} {Models} and {Human} {Behavior}},
	isbn = {978-0-521-84005-7},
	shorttitle = {The {Worldwide} {Crisis} in {Fisheries}},
	url = {https://www.cambridge.org/core/books/worldwide-crisis-in-fisheries/0726A744452A8E61CEE20A090F5CE9B7},
	urldate = {2024-07-25},
	publisher = {Cambridge University Press},
	author = {Clark, Colin W.},
	year = {2007},
	doi = {10.1017/CBO9780511617966},
}

@article{poret_optimal_2009,
	title = {An optimal anti-drug law enforcement policy},
	volume = {29},
	issn = {0144-8188},
	url = {https://www.sciencedirect.com/science/article/pii/S0144818809000064},
	doi = {10.1016/j.irle.2009.01.005},
	number = {3},
	urldate = {2024-07-25},
	journal = {International Review of Law and Economics},
	author = {Poret, Sylvaine},
	month = sep,
	year = {2009},
	keywords = {Harm reduction, Illicit drug policy, Law enforcement, Vertical market structure},
	pages = {221--228},
	file = {Version soumise:C\:\\Users\\jean\\Zotero\\storage\\5FHHXAVF\\Poret - 2009 - An optimal anti-drug law enforcement policy.pdf:application/pdf},
}

@article{flores_violence_2016,
	title = {Violence and law enforcement in markets for illegal goods},
	volume = {48},
	issn = {0144-8188},
	url = {https://www.sciencedirect.com/science/article/pii/S0144818816300564},
	doi = {10.1016/j.irle.2016.10.002},
	urldate = {2024-07-25},
	journal = {International Review of Law and Economics},
	author = {Flores, Daniel},
	month = oct,
	year = {2016},
	keywords = {Illicit drugs, Law enforcement, Violence},
	pages = {77--87},
}

@article{challender_evaluating_2019,
	title = {Evaluating the feasibility of pangolin farming and its potential conservation impact},
	volume = {20},
	issn = {2351-9894},
	url = {https://www.sciencedirect.com/science/article/pii/S2351989419301544},
	doi = {10.1016/j.gecco.2019.e00714},
	urldate = {2024-07-25},
	journal = {Global Ecology and Conservation},
	author = {Challender, Daniel W. S. and Sas-Rolfes, Michael't and Ades, Gary W. J. and Chin, Jason S. C. and Ching-Min Sun, Nick and Chong, Ju lian and Connelly, Ellen and Hywood, Lisa and Luz, Sonja and Mohapatra, Rajesh K. and de Ornellas, Paul and Parker, Keri and Pietersen, Darren W. and Roberton, Scott I. and Semiadi, Gono and Shaw, Debbie and Shepherd, Chris R. and Thomson, Paul and Wang, Yifu and Wicker, Leanne and Wu, Shi Bao and Nash, Helen C.},
	month = oct,
	year = {2019},
	keywords = {Economics, Enforcement, Market, Regulation, Supply-side conservation, Wildlife farming},
	pages = {e00714},
	file = {Texte intégral:C\:\\Users\\jean\\Zotero\\storage\\9EA4Z2D4\\Challender et al. - 2019 - Evaluating the feasibility of pangolin farming and.pdf:application/pdf},
}

@article{cites_additional_2019,
	title = {Additional {Information} {Regarding} the {Registration} of the {Operation} "{Earth} {Ocean} {Farms} {S}. de {R}.{L} de {C}.{V}." breeding {Totoaba} {Macdonaldi} (submitted by {Mexico})},
	author = {CITES},
	year = {2019},
}

@book{veblen_theory_2023,
	title = {The {Theory} of the {Leisure} {Class}: {An} {Economic} {Study} in the {Evolution} of {Institutions}. {The} {Original} 1889 {Scripture} of the {Work}},
	isbn = {9798394370342},
	shorttitle = {The {Theory} of the {Leisure} {Class}},
	language = {Anglais},
	publisher = {Independently published},
	author = {Veblen, Thorstein},
	month = may,
	year = {2023},
}

@article{jinkins_conspicuous_2016,
	title = {Conspicuous consumption in the {United} {States} and {China}},
	volume = {127},
	issn = {0167-2681},
	url = {https://www.sciencedirect.com/science/article/pii/S0167268116300312},
	doi = {10.1016/j.jebo.2016.03.018},
	urldate = {2024-07-25},
	journal = {Journal of Economic Behavior \& Organization},
	author = {Jinkins, David},
	month = jul,
	year = {2016},
	keywords = {Conspicuous consumption, Demand system estimation, Tax incidence},
	pages = {115--132},
	file = {Version soumise:C\:\\Users\\jean\\Zotero\\storage\\3T72V2CD\\Jinkins - 2016 - Conspicuous consumption in the United States and C.pdf:application/pdf},
}

@techreport{cisneros-mata_evaluacion_nodate,
	title = {Evaluacion de la poblacion de {Totoaba} {Macdonaldi}},
	institution = {INAPESCA},
	editor = {Cisneros-Mata, Miguel Angel},
}

@article{hinsley_wild_2020,
	title = {Wild assumptions? {Questioning} simplistic narratives about consumer preferences for wildlife products},
	volume = {2},
	copyright = {© 2020 The Authors. People and Nature published by John Wiley \& Sons Ltd on behalf of British Ecological Society},
	issn = {2575-8314},
	shorttitle = {Wild assumptions?},
	url = {https://onlinelibrary.wiley.com/doi/abs/10.1002/pan3.10099},
	doi = {10.1002/pan3.10099},
	language = {en},
	number = {4},
	urldate = {2024-07-25},
	journal = {People and Nature},
	author = {Hinsley, Amy and 't Sas-Rolfes, Michael},
	year = {2020},
	note = {\_eprint: https://onlinelibrary.wiley.com/doi/pdf/10.1002/pan3.10099},
	keywords = {captive breeding, conservation policy, consumer demand, consumer research, cultivation, illegal wildlife trade, stated preference methods, wildlife farming},
	pages = {972--979},
	file = {Full Text PDF:C\:\\Users\\jean\\Zotero\\storage\\UR8QJ7GQ\\Hinsley et 't Sas-Rolfes - 2020 - Wild assumptions Questioning simplistic narrative.pdf:application/pdf;Snapshot:C\:\\Users\\jean\\Zotero\\storage\\VBDUH46M\\pan3.html:text/html},
}

@article{thorson_predicting_2017,
	title = {Predicting life history parameters for all fishes worldwide},
	volume = {27},
	copyright = {© 2017 by the Ecological Society of America},
	issn = {1939-5582},
	url = {https://onlinelibrary.wiley.com/doi/abs/10.1002/eap.1606},
	doi = {10.1002/eap.1606},
	language = {en},
	number = {8},
	urldate = {2024-07-25},
	journal = {Ecological Applications},
	author = {Thorson, James T. and Munch, Stephan B. and Cope, Jason M. and Gao, Jin},
	year = {2017},
	note = {\_eprint: https://onlinelibrary.wiley.com/doi/pdf/10.1002/eap.1606},
	keywords = {individual growth, life history invariant, life history theory, meta-analysis, natural mortality, phylogenetic regression},
	pages = {2262--2276},
	file = {Snapshot:C\:\\Users\\jean\\Zotero\\storage\\CU9P6RJF\\eap.html:text/html;Texte intégral:C\:\\Users\\jean\\Zotero\\storage\\5E86SXZS\\Thorson et al. - 2017 - Predicting life history parameters for all fishes .pdf:application/pdf},
}

@article{mitra_faustmann_1986,
	title = {On the faustmann solution to the forest management problem},
	volume = {40},
	issn = {0022-0531},
	url = {https://www.sciencedirect.com/science/article/pii/0022053186900736},
	doi = {10.1016/0022-0531(86)90073-6},
	number = {2},
	urldate = {2024-07-25},
	journal = {Journal of Economic Theory},
	author = {Mitra, Tapan and Wan, Henry Y},
	month = dec,
	year = {1986},
	pages = {229--249},
	file = {ScienceDirect Snapshot:C\:\\Users\\jean\\Zotero\\storage\\8FBWG35X\\0022053186900736.html:text/html},
}

@article{tromeur_risk_2021,
	title = {Risk averse policies foster bio-economic sustainability in mixed fisheries},
	volume = {190},
	issn = {0921-8009},
	url = {https://www.sciencedirect.com/science/article/pii/S0921800921002366},
	doi = {10.1016/j.ecolecon.2021.107178},
	urldate = {2024-07-25},
	journal = {Ecological Economics},
	author = {Tromeur, Eric and Doyen, Luc and Tarizzo, Violaine and Little, L. Richard and Jennings, Sarah and Thébaud, Olivier},
	month = dec,
	year = {2021},
	keywords = {Bioeconomics, Ecosystem-based fisheries management, Maximum economic yield, Multispecies fishery, Risk aversion, Uncertainty},
	pages = {107178},
	file = {ScienceDirect Snapshot:C\:\\Users\\jean\\Zotero\\storage\\ZQZQ7I76\\S0921800921002366.html:text/html;Version soumise:C\:\\Users\\jean\\Zotero\\storage\\L5R68BRD\\Tromeur et al. - 2021 - Risk averse policies foster bio-economic sustainab.pdf:application/pdf},
}

@article{erisman_illusion_2011,
	title = {The illusion of plenty: hyperstability masks collapses in two recreational fisheries that target fish spawning aggregations},
	volume = {68},
	issn = {0706-652X},
	shorttitle = {The illusion of plenty},
	url = {https://cdnsciencepub.com/doi/full/10.1139/f2011-090},
	doi = {10.1139/f2011-090},
	number = {10},
	urldate = {2024-07-25},
	journal = {Canadian Journal of Fisheries and Aquatic Sciences},
	author = {Erisman, Brad E. and Allen, Larry G. and Claisse, Jeremy T. and Pondella, Daniel J. and Miller, Eric F. and Murray, Jason H.},
	month = oct,
	year = {2011},
	note = {Publisher: NRC Research Press},
	pages = {1705--1716},
	file = {Full Text PDF:C\:\\Users\\jean\\Zotero\\storage\\RGJFMVLD\\Erisman et al. - 2011 - The illusion of plenty hyperstability masks colla.pdf:application/pdf},
}

@techreport{noauthor_how_2015,
	title = {How the {Illegal} {Totoaba} {Trade} in {Hong} {Kong} is {Pushing} {Mexico}'s {Vaquita} to the {Brink} of {Extinction}},
	institution = {Greenpeace East Asia},
	year = {2015},
}

@techreport{noauthor_species_2018,
	title = {Species {Specific} matters : {Totoaba} ({Totoaba} {Macdonaldi}) {Report} of {Mexico}},
	institution = {CITES},
	year = {2018},
}

@article{m_berechnung_1849,
	title = {Berechnung des {Werthes}, welchen {Waldboden}, sowie noch nicht haubare {Holzbestande} fur die {Waldwirthschaft} besitzen [{Calculation} of the value which forest land and immature stands possess for forestry]},
	volume = {25},
	url = {https://cir.nii.ac.jp/crid/1571135650773047168},
	urldate = {2024-07-25},
	journal = {Allgemeine Fotst- und Jagd-Zeitung},
	author = {M, Faustmann},
	year = {1849},
	pages = {441--455},
	file = {Snapshot:C\:\\Users\\jean\\Zotero\\storage\\24CGSC6A\\1571135650773047168.html:text/html},
}
